% █ Other theses from TU Dortmund
@thesis{dsea_mirko,
author = {Bunse, Mirko},
title = {DSEA Rock-Solid},
subtitle = {Regularization and Comparison with other Deconvolution Algorithms},
year = {2018},
type = {Master's thesis},
school = {TU Dortmund}
}

@thesis{dsea_jan,
author = {Jäkel, Jan~Philipp},
title = {Ordinal Classification in DSEA},
year = {2021},
type = {Bachelor's thesis},
school = {TU Dortmund}
}

@thesis{dsea_samuel,
author = {Haefs, Samuel},
title = {Lösungen inverser Probleme},
subtitle = {Entfaltung von Energiespektren mit neuronalen Netzen in DSEA},
year = {2022},
type = {Bachelor's thesis},
school = {TU Dortmund}
}


% █ Papers / larger contributions
@article{corn,
  title={Deep Neural Networks for Rank-Consistent Ordinal Regression Based On Conditional Probabilities},
  author={Shi, Xintong and Cao, Wenzhi and Raschka, Sebastian},
  journal={arXiv preprint arXiv:2111.08851},
  year={2021}
}


% █ Formulas / smaller contributions
@article{mrmr,
  title={Feature selection based on mutual information criteria of max-dependency, max-relevance, and min-redundancy},
  author={Peng, Hanchuan and Long, Fuhui and Ding, Chris},
  journal={IEEE Transactions on pattern analysis and machine intelligence},
  volume={27},
  number={8},
  pages={1226--1238},
  year={2005},
  publisher={IEEE}
}

@article{yeo_johnson,
  title={A new family of power transformations to improve normality or symmetry},
  author={Yeo, In-Kwon and Johnson, Richard A},
  journal={Biometrika},
  volume={87},
  number={4},
  pages={954--959},
  year={2000},
  publisher={Oxford University Press}
}


% █ Code
@MANUAL{dsea_code,
    title = {CherenkovDeconvolution.py},
    url = {https://github.com/mirkobunse/CherenkovDeconvolution.py},
    date = {2013},
    author = {Bunse, Mirko}
}

@ELECTRONIC{pytorch,
  title = {PyTorch},
  url = {https://pytorch.org/},
}


% ein Lehrbuch:
@book{kuypers,
    author = {Kuypers, Friedhelm},
    title = {Klassische Mechanik},
    year = {2010},
    publisher = {Wiley-VCH},
    series = {9. Auflage}
}

@BOOK{handbook_adhesives,
  editor =       {Satas, D.},
  TITLE =        {Handbook of pressure sensitive adhesive technology},
  PUBLISHER =    {Van Nostrand Reinhold},
  YEAR =         {1989},
  address =      {New York},
  edition =      {2nd},
}


% Ein in einem Journal veröffentlichter Artikel (Paper):
@article{pdg,
      author         = "Beringer, J. and others",
      title          = "{Review of Particle Physics (RPP)}",
      collaboration  = "Particle Data Group",
      journal        = "Phys.Rev.",
      volume         = "D86",
      pages          = "010001",
      doi            = "10.1103/PhysRevD.86.010001",
      year           = "2012",
      SLACcitation   = "%%CITATION = PHRVA,D86,010001;%%",
}

@ARTICLE{einstein,
  author = {Einstein, A.},
  title = {A Generalization of the relativistic theory of Gravitation},
  journal = {Annals of Mathematics},
  year = {1945},
  volume = {46},
  pages = {578-584},
  number = {4}
  }

% eine Internet Quelle
@MANUAL{siunitx,
    title   = {siunitx - A comprehensive (SI) units package},
    url = {http://mirror.selfnet.de/tex-archive/macros/latex/contrib/siunitx/siunitx.pdf},
    date = {2013},
    author = {Wright, Joseph}
}
@MANUAL{koma,
    title   = {KOMA -Script},
    subtitle = {ein wandelbares LaTeX-Paket},
    url = {http://mirror.selfnet.de/tex-archive/macros/latex/contrib/koma-script/doc/scrguide.pdf},
    date = {2013},
    author = {Kohm, Markus and Morawski, Jens-Uwe}
}
@MANUAL{biblatex,
    title   = {The Biblatex Package},
    subtitle = {Programmable Bibliographies and Citations},
    url = {ftp://ftp.fu-berlin.de/tex/CTAN/macros/latex/contrib/biblatex/doc/biblatex.pdf},
    date = {2014},
    author = {Lehman, Philipp and others}
}
@ELECTRONIC{make,
    title   = {Gnu-Make Homepage},
    url = {http://www.gnu.org/software/make/},
    date = {2014},
}
@ELECTRONIC{toolbox,
    title   = {Pep et al.\ Toolbox -- \LaTeX-Folien},
    url = {http://toolbox.pep-dortmund.org/files/archive/2014/latex.pdf},
    date = {2014},
}
@ELECTRONIC{gitbash,
    title   = {Git Bash - Download},
    url = {http://msysgit.github.io/},
    date = {2014},
}
@ELECTRONIC{pleser,
    title   = {Modern Packages for LaTeX},
    url = {http://philippleser.de/physics/latex},
    date = {2014},
    author = {Leser, Philipp}
}
@MANUAL{l2tabu,
    title   = {Das LATEX2ε-Sündenregister},
    author = {Ensenbach, Marc and Trettin, Mark},
    url = {ftp://ftp.mpi-sb.mpg.de/pub/tex/mirror/ftp.dante.de/pub/tex/info/l2tabu/german/l2tabu.pdf},
    date = {2011},
}
@ELECTRONIC{texmaker,
    title   = {Texmaker},
    subtitle =  {The universal LaTeX editor, Downloads},
    url = {http://www.xm1math.net/texmaker/download.html},
    date = {2014},
}
